@book{FitLaiWar04,
	author = {Garret Fitzmaurice, Nan Laird and James Ware},
	title =  {Applied Longitudinal Analysis},
	booktitle = {Applied Longitudinal Analysis},
	year =      {2004},
	publisher = {John Wiley and Sons}
}

